@online{proteus,
  author = {Key, Ed and Kanaga, David},
  organization = {Twisted Tree Games},
  title = {{P}roteus},
  year = 2013,
  url = {http://twistedtreegames.com/proteus/},
  howpublished  = "[PC CD-ROM]",
}
@online{drizzlepath,
  author = {Bodur, Tonguç},
  organization = {Tonguç Bodur},
  title = {{D}rizzle {P}ath},
  year = 2015,
  url = {http://www.drizzlepath.com},
  howpublished  = "[PC CD-ROM]",
}